<?xml version="1.0" encoding="UTF-8"?><collection xmlns="http://www.loc.gov/MARC21/slim"><record><leader>00612nam--2200205-i-4500</leader><controlfield tag="001">000041193</controlfield><controlfield tag="002">20161230</controlfield><controlfield tag="005">20161230201043</controlfield><controlfield tag="008">060222s1000------------r-----000-0-eng-d</controlfield><datafield ind1=" " ind2=" " tag="020"><subfield code="a">1584883553</subfield></datafield><datafield ind1=" " ind2=" " tag="040"><subfield code="a">IFIN-HH</subfield></datafield><datafield ind1=" " ind2=" " tag="080"><subfield code="a">517.9</subfield></datafield><datafield ind1="1" ind2=" " tag="100"><subfield code="a">Polyanin, Andrei D. ; Manzhirov, Alexander V</subfield></datafield><datafield ind1="1" ind2="0" tag="245"><subfield code="a">Handbook of nonlinear partial differential equations</subfield><subfield code="c">Andrei d. polyanin; valentin f. zaitsev</subfield></datafield><datafield ind1=" " ind2=" " tag="260"><subfield code="a">WASHINGTON, D.C</subfield><subfield code="b">Chapman &amp; Hall/Crc</subfield><subfield code="c">2004</subfield></datafield><datafield ind1=" " ind2=" " tag="300"><subfield code="a">814 p</subfield></datafield><datafield ind1=" " ind2="4" tag="650"><subfield code="a">Nonlinear Mechanics</subfield></datafield><datafield ind1="1" ind2=" " tag="700"><subfield code="a">Zaitsev, Valentin F</subfield></datafield><datafield ind1=" " ind2=" " tag="852"><subfield code="a">81561</subfield><subfield code="c">517.9</subfield></datafield><datafield ind1=" " ind2=" " tag="CAT"><subfield code="a">Sys</subfield><subfield code="c">20101116</subfield><subfield code="h">120248</subfield></datafield></record></collection>